@misc{inner2006,
	title =   {The Inner Life of a Cell},
	author = {David Bolinsky},
	year = {2006},
	howpublished = {XVIVO}
}

@misc{immune2008,
	author = {Federation of American Scientists},
	title = {Immune Attack},
	year = {2008}
}

@misc{simcell2013,
	author = {Strange Loop Games},
	title = {Sim Cell},
	year = {2013}
}

@misc{gearth2001,
	author = {Google},
	title = {Google Earth},
	year = {2001}
}

@article{bernstein1977protein,
	title={The protein data bank},
	author={Bernstein, Frances C and Koetzle, Thomas F and Williams, Graheme JB and Meyer, Edgar F and Brice, Michael D and Rodgers, John R and Kennard, Olga and Shimanouchi, Takehiko and Tasumi, Mitsuo},
	journal={European Journal of Biochemistry},
	volume={80},
	number={2},
	pages={319--324},
	year={1977},
	publisher={Wiley Online Library}
}

@article{keseler2005ecocyc,
	title={EcoCyc: a comprehensive database resource for Escherichia coli},
	author={Keseler, Ingrid M and Collado-Vides, Julio and Gama-Castro, Socorro and Ingraham, John and Paley, Suzanne and Paulsen, Ian T and Peralta-Gil, Mart{\'\i}n and Karp, Peter D},
	journal={Nucleic acids research},
	volume={33},
	number={suppl 1},
	pages={D334--D337},
	year={2005},
	publisher={Oxford Univ Press}
}

@article{karplus2014development,
	title={Development of multiscale models for complex chemical systems: from h+ h2 to biomolecules (Nobel lecture)},
	author={Karplus, Martin},
	journal={Angewandte Chemie International Edition},
	volume={53},
	number={38},
	pages={9992--10005},
	year={2014},
	publisher={Wiley Online Library}
}

@article{humphrey1996vmd,
	title={VMD: visual molecular dynamics},
	author={Humphrey, William and Dalke, Andrew and Schulten, Klaus},
	journal={Journal of molecular graphics},
	volume={14},
	number={1},
	pages={33--38},
	year={1996},
	publisher={Elsevier}
}

@article{delano2002pymol,
	title={The PyMOL molecular graphics system},
	author={DeLano, Warren L},
	year={2002}
}

@article{andrei2012intuitive,
	title={Intuitive representation of surface properties of biomolecules using BioBlender},
	author={Andrei, Raluca Mihaela and Callieri, Marco and Zini, Maria Francesca and Loni, Tiziana and Maraziti, Giuseppe and Pan, Mike Chen and Zopp{\`e}, Monica},
	journal={BMC bioinformatics},
	volume={13},
	number={4},
	pages={1},
	year={2012},
	publisher={BioMed Central}
}

@misc{mmaya,
	author = {Clarafi},
	title = {Molecular Maya},
	%year = {}	
	howpublished = {https://clarafi.com/tools/mmaya}
}

@article{johnson2011epmv,
	title={ePMV embeds molecular modeling into professional animation software environments},
	author={Johnson, Graham T and Autin, Ludovic and Goodsell, David S and Sanner, Michel F and Olson, Arthur J},
	journal={Structure},
	volume={19},
	number={3},
	pages={293--303},
	year={2011},
	publisher={Elsevier}
}

@article{johnson2015cellpack,
	title={cellPACK: a virtual mesoscope to model and visualize structural systems biology},
	author={Johnson, Graham T and Autin, Ludovic and Al-Alusi, Mostafa and Goodsell, David S and Sanner, Michel F and Olson, Arthur J},
	journal={Nature methods},
	volume={12},
	number={1},
	pages={85--91},
	year={2015},
	publisher={Nature Publishing Group}
}

@article{tarini2006ambient,
	title={Ambient occlusion and edge cueing for enhancing real time molecular visualization},
	author={Tarini, Marco and Cignoni, Paolo and Montani, Claudio},
	journal={IEEE transactions on visualization and computer graphics},
	volume={12},
	number={5},
	pages={1237--1244},
	year={2006},
	publisher={IEEE}
}

@article{lampe2007two,
	title={Two-level approach to efficient visualization of protein dynamics},
	author={Lampe, Ove Daae and Viola, Ivan and Reuter, Nathalie and Hauser, Helwig},
	journal={IEEE transactions on visualization and computer graphics},
	volume={13},
	number={6},
	pages={1616--1623},
	year={2007},
	publisher={IEEE}
}

@inproceedings{grottel2010coherent,
	title={Coherent culling and shading for large molecular dynamics visualization},
	author={Grottel, Sebastian and Reina, Guido and Dachsbacher, Carsten and Ertl, Thomas},
	booktitle={Computer Graphics Forum},
	volume={29},
	number={3},
	pages={953--962},
	year={2010},
	organization={Wiley Online Library}
}

@inproceedings{lindow2012interactive,
	title={Interactive rendering of materials and biological structures on atomic and nanoscopic scale},
	author={Lindow, Norbert and Baum, Daniel and Hege, H-C},
	booktitle={Computer Graphics Forum},
	volume={31},
	number={3pt4},
	pages={1325--1334},
	year={2012},
	organization={Wiley Online Library}
}

@inproceedings{falk2013atomistic,
	title={Atomistic Visualization of Mesoscopic Whole-Cell Simulations Using Ray-Casted Instancing},
	author={Falk, Martin and Krone, Michael and Ertl, Thomas},
	booktitle={Computer Graphics Forum},
	volume={32},
	number={8},
	pages={195--206},
	year={2013},
	organization={Wiley Online Library}
}

@article{krone2012fast,
	title={Fast visualization of gaussian density surfaces for molecular dynamics and particle system trajectories},
	author={Krone, Michael and Stone, John E and Ertl, Thomas and Schulten, Klaus},
	journal={EuroVis-Short Papers},
	volume={1},
	pages={67--71},
	year={2012}
}

@inproceedings{parulek2012implicit,
	title={Implicit representation of molecular surfaces},
	author={Parulek, Julius and Viola, Ivan},
	booktitle={Visualization Symposium (PacificVis), 2012 IEEE Pacific},
	pages={217--224},
	year={2012},
	organization={IEEE}
}

@article{parulek2013fast,
	title={Fast blending scheme for molecular surface representation},
	author={Parulek, Julius and Brambilla, Andrea},
	journal={IEEE transactions on visualization and computer graphics},
	volume={19},
	number={12},
	pages={2653--2662},
	year={2013},
	publisher={IEEE}
}

@inproceedings{krone2011parallel,
	title={Parallel contour-buildup algorithm for the molecular surface},
	author={Krone, Michael and Grottel, Sebastian and Ertl, Thomas},
	booktitle={Biological Data Visualization (BioVis), 2011 IEEE Symposium on},
	pages={17--22},
	year={2011},
	organization={IEEE}
}

@inproceedings{szecsi2012real,
	title={Real-Time Metaball Ray Casting with Fragment Lists.},
	author={Sz{\'e}csi, L{\'a}szl{\'o} and Ill{\'e}s, D{\'a}vid},
	booktitle={Eurographics (Short Papers)},
	pages={93--96},
	year={2012}
}

@article{hucka2003systems,
	title={The systems biology markup language (SBML): a medium for representation and exchange of biochemical network models},
	author={Hucka, Michael and Finney, Andrew and Sauro, Herbert M and Bolouri, Hamid and Doyle, John C and Kitano, Hiroaki and Arkin, Adam P and Bornstein, Benjamin J and Bray, Dennis and Cornish-Bowden, Athel and others},
	journal={Bioinformatics},
	volume={19},
	number={4},
	pages={524--531},
	year={2003},
	publisher={Oxford Univ Press}
}

@article{funahashi2003celldesigner,
	title={CellDesigner: a process diagram editor for gene-regulatory and biochemical networks},
	author={Funahashi, Akira and Morohashi, Mineo and Kitano, Hiroaki and Tanimura, Naoki},
	journal={Biosilico},
	volume={1},
	number={5},
	pages={159--162},
	year={2003},
	publisher={Elsevier}
}

@article{chandran2009tinkercell,
	title={TinkerCell: modular CAD tool for synthetic biology},
	author={Chandran, Deepak and Bergmann, Frank T and Sauro, Herbert M},
	journal={Journal of biological engineering},
	volume={3},
	number={1},
	pages={1},
	year={2009},
	publisher={BioMed Central}
}

@article{moraru2008virtual,
	title={Virtual Cell modelling and simulation software environment},
	author={Moraru, Ion I and Schaff, James C and Slepchenko, Boris M and Blinov, ML and Morgan, Frank and Lakshminarayana, Anuradha and Gao, Fei and Li, Ye and Loew, Leslie M},
	journal={IET systems biology},
	volume={2},
	number={5},
	pages={352--362},
	year={2008},
	publisher={IET}
}

@article{andrews2010detailed,
	title={Detailed simulations of cell biology with Smoldyn 2.1},
	author={Andrews, Steven S and Addy, Nathan J and Brent, Roger and Arkin, Adam P},
	journal={PLoS Comput Biol},
	volume={6},
	number={3},
	pages={e1000705},
	year={2010},
	publisher={Public Library of Science}
}

@article{kerr2008fast,
	title={Fast Monte Carlo simulation methods for biological reaction-diffusion systems in solution and on surfaces},
	author={Kerr, Rex A and Bartol, Thomas M and Kaminsky, Boris and Dittrich, Markus and Chang, Jen-Chien Jack and Baden, Scott B and Sejnowski, Terrence J and Stiles, Joel R},
	journal={SIAM journal on scientific computing},
	volume={30},
	number={6},
	pages={3126--3149},
	year={2008},
	publisher={SIAM}
}

@misc{cellbledner,
	Author = {Benedikt Bitterli},
	Year = {2016},
	Note = {https://benedikt-bitterli.me/resources/},
	Title = {Rendering resources}
} 